<?xml version="1.0" encoding="UTF-8"?><collection xmlns="http://www.loc.gov/MARC21/slim"><record><leader>00522nam--2200193-i-4500</leader><controlfield tag="001">000034035</controlfield><controlfield tag="002">20161230</controlfield><controlfield tag="005">20161230201039</controlfield><controlfield tag="008">060222s1000------------r-----000-0-fre-d</controlfield><datafield ind1=" " ind2=" " tag="040"><subfield code="a">IFIN-HH</subfield></datafield><datafield ind1=" " ind2=" " tag="041"><subfield code="a">fre</subfield></datafield><datafield ind1=" " ind2=" " tag="080"><subfield code="a">514.12(076.1)</subfield></datafield><datafield ind1="1" ind2=" " tag="100"><subfield code="a">Mosnat, E</subfield></datafield><datafield ind1="1" ind2="0" tag="245"><subfield code="a">Problemes de geometrie analytique</subfield><subfield code="b">Tome 3: geometrie a trois dimensions</subfield><subfield code="c">E. mosnat</subfield></datafield><datafield ind1=" " ind2=" " tag="250"><subfield code="a">Deuxieme Edition</subfield></datafield><datafield ind1=" " ind2=" " tag="260"><subfield code="a">Paris</subfield><subfield code="b">Vuibert Et Nony Editeurs</subfield><subfield code="c">/F.An</subfield></datafield><datafield ind1=" " ind2=" " tag="300"><subfield code="a">428P</subfield></datafield><datafield ind1=" " ind2=" " tag="852"><subfield code="a">44481</subfield><subfield code="c">H.H</subfield></datafield><datafield ind1=" " ind2=" " tag="CAT"><subfield code="a">Sys</subfield><subfield code="c">20130409</subfield><subfield code="h">131258</subfield></datafield></record></collection>